<record><leader>00000cas a22000007a 4500</leader><controlfield tag="001">13506884</controlfield><controlfield tag="008">860429c198u9999inuwr ne      0   a0eng d</controlfield><datafield ind1=" " ind2=" " tag="010"><subfield code="a">sn 86013947 </subfield></datafield><datafield ind1=" " ind2=" " tag="040"><subfield code="a">NSD</subfield><subfield code="b">eng</subfield><subfield code="c">NSD</subfield><subfield code="d">NPI</subfield><subfield code="d">OCLCQ</subfield></datafield><datafield ind1=" " ind2=" " tag="012"><subfield code="m">1</subfield></datafield><datafield ind1="1" ind2=" " tag="022"><subfield code="a">0888-1952</subfield><subfield code="l">0888-1952</subfield><subfield code="2">1</subfield></datafield><datafield ind1=" " ind2=" " tag="032"><subfield code="a">694950</subfield><subfield code="b">USPS</subfield></datafield><datafield ind1=" " ind2=" " tag="037"><subfield code="b">The Courier Press, P.O. Box 424, Anderson, IN 46015</subfield></datafield><datafield ind1=" " ind2=" " tag="042"><subfield code="a">nsdp</subfield></datafield><datafield ind1="0" ind2=" " tag="130"><subfield code="a">Courier press (Anderson, Ind.)</subfield></datafield><datafield ind1=" " ind2="4" tag="222"><subfield code="a">The Courier press</subfield><subfield code="b">(Anderson, Ind.)</subfield></datafield><datafield ind1="1" ind2="4" tag="245"><subfield code="a">The Courier press.</subfield></datafield><datafield ind1=" " ind2=" " tag="260"><subfield code="a">Anderson, IN :</subfield><subfield code="b">Courier Press</subfield></datafield><datafield ind1=" " ind2=" " tag="310"><subfield code="a">Weekly</subfield></datafield><datafield ind1=" " ind2=" " tag="588"><subfield code="a">Description based on: Vol. 6, no. 17 (Wed., Mar. 26, 1986).</subfield></datafield><datafield ind1=" " ind2=" " tag="752"><subfield code="a">United States</subfield><subfield code="b">Indiana</subfield><subfield code="c">Madison</subfield><subfield code="d">Anderson.</subfield></datafield><datafield ind1="0" ind2="0" tag="780"><subfield code="t">Community courier (Chesterfield, Ind.)</subfield><subfield code="x">0745-7308</subfield><subfield code="w">(DLC)sn 83007439</subfield></datafield></record>